%Coloque aqui as referências da resenha bibliográfica, começando com documento resenhado em formato .bib

@incollection{Bachelard1979,
	author = {Gaston Bachelard},
	title = {A Filosofia do não: filosofia do novo espírito científico},
	booktitle = {Gaston Bachelard},
	series = {Os Pensadores},
	volume = {46},
	edition = {2nd},
	year = {1979},
	publisher = {Abril Cultural},
	editor = {Victor Civita}
} 

@incollection{Sousa2018,
	author = {Rafael T. de Sousa Jr.},
	title = {Aula 1: Metodologia de Pesquisa Científica},
	booktitle = {Rafael T. de Sousa Jr.},
	series = {Aula do Mestrado Profissional},
	volume = {1},
	edition = {1nd},
	year = {2018},
	publisher = {PPEE},
	editor = {UnB}
} 